@inproceedings{estrada04,
  title={Spectral Embedding and Min Cut for Image Segmentation.},
  author={Estrada, Francisco J and Jepson, Allan D and Chennubhotla, Chakra},
  booktitle={BMVC},
  pages={1--10},
  year={2004}
}
